%% ANONIEM

@misc{Alex15,
   title = {{A}lex {F}oundation},
   url = {http://alexfoundation.org/},
   year = {2015}
}


@techreport{RMP18,
	author = {{Retraction Watch}}, 
	title = {The ``regression to the mean project:'' What researchers should know about a mistake many make},
	url = {http://retractionwatch.com/2018/10/30/the-regression-to-the-mean-project-what-researchers-should-know-about-a-mistake-many-make/},
	year = {2018}
}


@book{APA10,
   author = {{American Psychological Association}},
   title = {{P}ublication {M}anual of the {A}merican {P}sychological {A}ssociation},
   publisher = {American Psychological Association},
   address = {Washington, D.C.},
   edition = {6th},
   year = {2010}
}


@article{Alde04,
   author = {Alderson, Phil},
   title = {Absence of evidence is not evidence of absence: We need to report uncertain results and do it clearly},
   journal = {British Medical Journal},
   volume = {328},
   number = {7438},
   pages = {476--477},
   url = {http://www.ncbi.nlm.nih.gov/pmc/articles/PMC351831/},
   year = {2004}
}


@article{Ande11,
   author = {Andersson, Ida and Gaudin, Jenny and Graca, Anna and Holm, Katarina and Öhlin, Linda and Marklund, Ulrika and Ericsson, Anna},
   title = {Productive Vocabulary Size Development in Children Aged 18-24 Months: Gender Differences},
   journal = {KTH Speech, Music and Hearing: Quarterly Progress and Status Report},
   volume = {51},
   number = {1},
   url = {http://www.speech.kth.se/prod/publications/files/3605.pdf},
   year = {2011}
   }

@article{AHW00, 
   author = {Ayres, Joe and Hopf, Tim and Will, Anthony},
   title = {Are reductions in {CA} an experimental artifact? {A} {S}olomon four-group answer},
   journal = {Communication Quarterly},
   volume = {48},
   number = {1},
   pages = {19--26},
   url = {http://dx.doi.org/10.1080/01463370009385576},
   year = {2000}
}


@incollection{BAEYT2017,
	author = {Van den Berg, Margot and Amuzu, Evershed Kwasi and Essizewa, Komlan and Yevudey, Elvis and Tagba, Kamaïloudini},
	title = {Crosslinguistic effects in adjectivization strategies in {Suriname}, {Ghana} and {Togo}},
	booktitle = {Language Contact in {Africa} and the {African} Diaspora in the {Americas}: in honor of {John V.} {Singler}},
	year = {2017},
	pages = {343--362},
	editor = {Cutler, Cecelia  and  Vrzić, Zvjezdana  and  Angermeyer, Philipp},
    publisher = {Benjamins},
   address = {s.l.},
}


@incollection{BM93,
   author = {{Van den Bergh}, Huub and Meuffels, Bert},
   title = {Schrijfvaardigheid},
   booktitle = {Taalbeheersing als tekstwetenschap: terreinen en trends},
   editor = {Braet, A. and Van de Gein, J.},
   publisher = {ICG},
   address = {Dordrecht},
   year = {1993}
}


@article{Bhar13,
   author = {Bhargava, Saurabh and Pathania, Vikram},
   title = {Driving Under the (Cellular) Influence },
   journal = {American Economic Journal:  Economic Policy},
   volume = {5},
   number = {3},
   pages = {92--125},
   year = {2013}
}


@article{BQSJ14a,
   author = {Bosker, Hans Rutger and Quen\'e, Hugo and Sanders, Ted and De Jong, Nivja H.},
   title = {The perception of fluency in native and nonnative speech},
   journal = {Language Learning},
   volume = {63},
   number = {3},
   pages = {579--614},
   year = {2014}
}


@misc{BLLB14,
   author = {Boswall, Jeffery},
   title = {Alex, the talking parrot},
   publisher = {British Library},
   year = {z.j.},
   url = {http://www.bl.uk/listentonature/specialinterestlang/langofbirds14.html}
}

@inbook{Cerin14,
   author = {Cerin, Ester},
   title = {Standard Error of Measurement},
   booktitle = {Encyclopedia of Quality of Life and Well-Being Research},
   editor = {Michalos, Alex C.},
   publisher = {Springer},
   address = {Dordrecht},
   pages = {6318--6319},
   year = {2014}
}


@article{Chen15,
   author = {Chen, Li-Ting and Peng, Chao-Ying Joanne},
   title = {The sensitivity of three methods to nonnormality and unequal variances in interval estimation of effect sizes},
   journal = {Behavior Research Methods},
   volume = {47},
   number = {1},
   pages = {107--126},
   year = {2015}
}


@book{Coch77,
   author = {Cochran, W.G.},
   title = {Sampling Techniques},
   publisher = {Wiley},
   address = {New York},
   edition = {3e},
   year = {1977}
}

@book{Cohen88,
   author = {Cohen, Jacob},
   title = {Statistical Power Analysis for the Behavioral Sciences},
   publisher = {Lawrence Erlbaum},
   address = {Hillsdale, N.J.},
   edition = {2e},
   ISBN = {0-8058-0283-5},
   year = {1988}
}


@article{Cort93,
   author = {Cortina, Jose M.},
   title = {What is coefficient alpha? {A}n examination of theory and applications},
   journal = {Journal of Applied Psychology},
   volume = {78},
   number = {1},
   pages = {98--104},
   year = {1993}
}


@book{Cumm12,
   author = {Cumming, Geoff},
   title = {Understanding The New Statistics},
   publisher = {Routledge},
   address = {New York},
   ISBN = {978-0-415-87968-2},
   year = {2012}
}

@book{CC79,
   author = {Cook, Thomas D. and Campbell, Donald T.},
   title = {Quasi-experimentation: Design and analysis issues for field settings},
   publisher = {Houghton Mifflin},
   address = {Boston},
   year = {1979}
}


@article{JGSH13,
   author = {De Jong, Nivja H. and Groenhout, Rachel and Schoonen, Rob and Hulstijn, Jan H.},
   title = {Second language fluency: Speaking style or proficiency? {C}orrecting measures of second language fluency for first language behavior},
   journal = {Applied Psycholinguistics},
   volume = {36}, 
   number = {2},
   pages ={223--243}, 
   url = {https://doi.org/10.1017/S0142716413000210},
   year = {2015}
}


@article{Deut06,
   author = {Deutsch, Diana},
   title = {The enigma of absolute pitch},
   journal = {Acoustics Today},
   volume = {2},
   pages = {11--19},
   year = {2006}
}


@article{DTE13,
   author = {Dingemanse, Mark and Torreira, Francisco and Enfield, N.J.},
   title = {Is ``Huh?'' a Universal Word? Conversational Infrastructure and the Convergent Evolution of Linguistic Items},
   journal = {PLOS One},
   volume = {8},
   number = {11},
   pages = {e78273},
   url = {http://dx.doi.org/10.1371/journal.pone.0078273},
   year = {2013}
}


@article{Dobl99,
   author = {Doblhammer, Gabriele},
   title = {Longevity and month of birth: Evidence from {A}ustria and {D}enmark},
   journal = {Demographic Research},
   volume = {1},
   number = {3},
   url = {http://www.demographic-research.org/Volumes/Vol1/3},
   year = {1999}
}


@article{DollHill1956,
	title = {Lung cancer and other causes of death in relation to smoking: {A} second report on the mortality of {British} doctors},
	journal = {British Medical Journal},
	url = {https://www.ncbi.nlm.nih.gov/pmc/articles/PMC2035864/},
	author = {Doll, Richard and Hill, A. Bradford},
	year = {1956},
	pages = {1071--1081}
}


@article{Dona83,
   author = {Donald, D.R.},
   title = {THE USE AND VALUE OF ILLUSTRATIONS AS CONTEXTUAL INFORMATION FOR READERS AT DIFFERENT PROGRESS AND DEVELOPMENTAL LEVELS},
   journal = {British Journal of Educational Psychology},
   volume = {53},
   number = {2},
   pages = {175--185},
   year = {1983}
}



@article{Drake03,
   author = {Drake, Carolyn and Ben El Heni, Jamel},
   title = {Synchronizing with Music: Intercultural Differences},
   journal = {Annals of the New York Academy of Sciences},
   volume = {999},
   number = {1},
   pages = {429--437},
   url = {http://dx.doi.org/10.1196/annals.1284.053},
   year = {2003}
}


@book{Ferg89,
   author = {Ferguson, George A. and Takane, Yoshio},
   title = {Statistical Analysis in Psychology and Education},
   publisher = {McGraw-Hill},
   address = {New York},
   edition = {6e},
   year = {1989}
}

@book{Gelm07,
   author = {Gelman, Andrew and Hill, Jennifer},
   title = {Data Analysis Using Regression and Multilevel/Hierarchical Models},
   publisher = {Cambridge University Press},
   address = {Cambridge},
   year = {2007}
}


@article{Glin01,
   author = {Gliner, Jeffrey A. and Morgan, George A. and Harmon, Robert J.},
   title = {Measurement Reliability},
   journal = {Journal of the American Academy of Child and Adolescent Psychiatry},
   volume = {40},
   number = {4},
   pages = {486--488},
   year = {2001}
}


% nog verwerken in hoofdstuk chi2
@inbook{Gries14,
   author = {Gries, Stefan Th.},
   title = {Frequency tables: Tests, effect sizes, and explorations},
   booktitle = {Corpus Methods for Semantics: Quantatitive studies in polysemy and synonymy},
   editor = {Glynn, Dylan and Robinson, Justyna A.},
   publisher = {John Benjamins},
   pages = {365--389},
   year = {2014}
}


@book{Groot61,
   author = {De Groot, A.D.},
   title = {Methodologie: Grondslagen van onderzoek en denken in de gedragswetenschappen},
   publisher = {Mouton},
   address = {'s-Gravenhage},
   url = {http://www.dbnl.org/tekst/groo004meth01_01/index.php},
   year = {1961}
}


@article{Henr10,
   author = {Henrich, Joseph and Heine, Steven J. and Norenzayan, Ara},
   title = {The weirdest people in the world?},
   journal = {Behavioral and Brain Sciences},
   volume = {33},
   number = {2-3},
   pages = {61--83},
   year = {2010}
}


@article{Houtk91,
   author = {Houtkoop-Steenstra, Hanneke},
   title = {Hoe een gesloten vraag toch open kan zijn},
   journal = {Tijdschrift voor Taalbeheersing},
   volume = {13},
   number = {3},
   pages = {185--196},
   year = {1991}
}


@book{Hume1739,
   author = {Hume, David},
   title = {A Treatise on Human Nature},
   year = {1739}
}


@book{John08,
   author = {Johnson, Keith},
   title = {Quantitative Methods in Linguistics},
   publisher = {Blackwell},
   address = {Malden, MA},
   year = {2008}
}


@inbook{John10,
   author = {Johnson, Elizabeth K. and Zamuner, Tania},
   title = {Using infant and toddler testing methods in language acquisition research},
   booktitle = {Experimental Methods in Language Acquisition Research},
   editor = {Blom, Elma and Unsworth, Sharon},
   publisher = {John Benjamins},
   address = {Amsterdam},
   chapter = {4},
   pages = {73--93},
   year = {2010}
}

@article{Karp05,
   author = {Karp, J. A.  and Brockington, D. },
   title = {Social Desirability and Response Validity: A Comparative Analysis of Overreporting Voter Turnout in Five Countries},
   journal = {Journal of Politics},
   volume = {67},
   number = {3},
   pages = {825--840},
   year = {2005}
}


@book{Kehl08,
   author = {Kehlmann, Daniel },
   title = {Die Vermessung der Welt},
   publisher = {Rowohlt},
   address = {Reinweck bei Hamburg},
   year = {2008}
}


@book{KL00,
   author = {Kerlinger, Fred N. and Lee, Howard B.},
   title = {Foundations of Behavioral Research},
   publisher = {Harcourt College Publishers},
   address = {Fort Worth},
   edition = {4th},
   year = {2000}
}



@book{Kolf93,
   author = {Van Kolfschooten, Frank},
   title = {Valse Vooruitgang: Bedrog in de {N}ederlandse wetenschap},
   publisher = {L.J. Veen},
   address = {Amsterdam},
   year = {1993}
}


@article{KMR12,
   author = {Koring, Loes and Mak, Pim and Reuland, Eric},
   title = {The time course of argument reactivation revealed: Using the visual world paradigm},
   journal = {Cognition},
   volume = {123},
   number = {3},
   pages = {361--379},
   year = {2012}
}


@article{McGraw92,
   author = {McGraw, Kenneth O. and Wong, S. P.},
   title = { A common language effect size statistic},
   journal = {Psychological Bulletin},
   volume = {111},
   number = {2},
   pages = {361--365},
   year = {1992}
}

@article{Lata09,
   author = {Lata-Caneda, M.C. and Piñeiro-Temprano, M. and García-Fraga, I. and García-Armesto, I. and Barrueco-Egido, J.R. and Meijide-Failde, R.  },
   title = {Spanish adaptation of the Stroke and Aphasia Quality of Life Scale-39 ({SAQOL-39})},
   journal = {European Journal of Physical and Rehabilitation Medicine},
   volume = {45},
   number = {3},
   pages = {379--384},
   url = {https://www.ncbi.nlm.nih.gov/pubmed/19156021]},
   year = {2009},
}



@article{LevA10,
   author = {Lev-Ari, Shiri and Keysar, Boaz},
   title = {Why don't we believe non-native speakers? {T}he influence of accent on credibility},
   journal = {Journal of Experimental Social Psychology},
   volume = {46},
   number = {6},
   pages = {1093--1096},
   year = {2010}
}


@book{Levin99,
   author = {Levin, Irwin P.},
   title = {Relating Statistics and Experimental Design: An introduction},
   publisher = {Sage},
   address = {Thousand Oaks, CA},
   series = {Sage University Papers Series on Quantitative Applications in the Social Sciences; 07-125},
   year = {1999}
}


@inbook{LKCG07,
   author = {Luyckx, Kim and Kloots, Hanne and Coussé, Evie and Gillis, Steven},
   title = {Klankfrequenties in het {N}ederlands},
   booktitle = {Tussen Taal, Spelling En Onderwijs: Essays Bij Het Emeritaat Van {F}rans
{D}aems},
   editor = {Sandra, D. and Rijmenans, R. and Cuvelier, P.  and Van Petegem, P.},
   publisher = {Academia Press},
   url = {https://www.academia.edu/627882/Klankfrequenties_in_het_Nederlands},
   year = {2007}
}


@book{MD04,
   author = {Maxwell, Scott E. and Delaney, Harold D.},
   title = {Designing Experiments and Analyzing Data: A model comparison perspective},
   publisher = {Lawrence Erlbaum Associates},
   address = {Mahwah, NJ},
   edition = {2nd},
   year = {2004},
   type = {Book}
}


@book{Mort03,
   author = {Morton, Adam},
   title = {A Guide through the Theory of Knowledge},
   publisher = {Blackwell},
   address = {Malden, MA},
   edition = {3e},
   year = {2003}
}


@article{Naka07,
   author = {Nakagawa, Shinichi and Cuthill, Innes C.},
   title = {Effect size, confidence interval and statistical significance: a practical guide for biologists},
   journal = {Biological Reviews},
   volume = {82},
   number = {4},
   pages = {591--605},
   ISSN = {1469-185X},
   url = {http://dx.doi.org/10.1111/j.1469-185X.2007.00027.x},
   year = {2007}
}


@article{Olej03,
   author = {Olejnik, Stephen and Algina, James},
   title = {Generalized Eta and Omega Squared Statistics: Measures of Effect Size for Some Common Research Designs},
   journal = {Psychological Methods},
   volume = {8},
   number = {4},
   pages = {434--447},
   year = {2003}
}


@misc{ORI12,
   author = {{Office of Research Integrity}},
   title = {Responsible Conduct of Research Training},
   url = {http://ori.hhs.gov/education/products/wsu/rcr_training.html},
   year = {2012}
}


@book{PD08,
   author = {Peck, Roxy and Devore, Jay},
   title = {Statistics: The exploration and analysis of data},
   publisher = {Thomsom/Cole},
   address = {Belmont, CA},
   edition = {6e},
   year = {2008}
}


@article{Plomp79,
   author = {Plomp, R. and Mimpen, A. M.},
   title = {Improving the Reliability of Testing the Speech Reception Threshold for Sentences},
   journal = {International Journal of Audiology},
   volume = {18},
   number = {1},
   pages = {43--52},
   year = {1979}
}

@book{Pfung07,
   author = {Pfungst, Oskar},
   title = {Das {P}ferd des {H}errn von {O}sten ({D}er kluge {H}ans): {E}in {B}eitrag zur experimentellen {T}ier- und {M}enschen-{P}sychologie},
   publisher = {J. A. Barth},
   address = {Leipzig},
   year = {1907},
   url = {https://archive.org/details/daspferddesherr00stumgoog}
}

@book{Popp35,
   author = {Popper, Karl},
   title = {Logik der {F}orschung. {Z}ur {E}rkentnistheorie der modernen {N}aturwissenschaft},
   publisher = {Julius Springer},
   address = {Wien},
   year = {1935}
}

@book{Popp59,
   author = {Popper, Karl},
   title = {The logic of scientific discovery},
   publisher = {Routledge},
   address = {London},
   year = {1959}
}

@book{Popp63,
   author = {Popper, Karl},
   title = {Conjectures and Refutations: The Growth of Scientific Knowledge},
   publisher = {Routledge and Kegan Paul},
   address = {London},
   year = {1963}
}


@article{Quene08,
   author = {Quené, H.},
   title = {Multilevel modeling of between-speaker and within-speaker variation in spontaneous speech tempo},
   journal = {Journal of the Acoustical Society of America},
   volume = {123},
   number = {2},
   pages = {1104--1113},
   year = {2008}
}

@inbook{Quene10,
   author = {Quen{\'e}, Hugo},
   title = {How to design and analyze language acquisition studies},
   booktitle = {Experimental Methods in Language Acquisition Research},
   editor = {Blom, Elma and Unsworth, Sharon},
   publisher = {Benjamins},
   address = {Amsterdam},
   pages = {269--287},
   year = {2010}
}


@article{QSF12,
   author = {Quen{\'e}, Hugo and Semin, Gün R. and Foroni, Francesco},
   title = {Audible smiles and frowns affect speech comprehension},
   journal = {Speech Communication},
   volume = {54},
   number = {7}, 
   pages = {917--922},
   year = {2012}
}

@article{QVD10,
   author = {Quen{\'e}, Hugo and van Delft, L. E.},
   title = {Non-native durational patterns decrease speech intelligibility},
   journal = {Speech Communication},
   volume = {52},
   number = {11--12},
   pages = {911--918},
   year = {2010}
}


@inproceedings{QO14,
   author = {Quené, Hugo and Orr, Rosemary},
   title = {Long-term convergence of speech rhythm in L1 and L2 English},
   booktitle = {Speech Prosody},
   url = {http://lucea.wp.hum.uu.nl/files/2015/02/qo14SP7v20140310.pdf},
   type = {Conference Proceedings}
}


@article{RDCPW78,
   author = {Richardson, Ellis and DiBenedetto, Barbara and Christ, Adolph and Press, Mark and Winsberg, Bertrand G.},
   title = {An Assessment of Two Methods for Remediating Reading Deficiencies},
   journal = {Reading Improvement},
   volume = {15},
   number = {2},
   pages = {82},
   year = {1978}
}


@phdthesis{Rijl86, 
   author = {Rijlaarsdam, G.},
   title = {Effecten van leerlingrespons op aspecten van stelvaardigheid},
   university = {Universiteit van Amsterdam},
   year = {1986}
}

@article{Rosen11,
   author = {Rosén, Erik and Stigson, Helena and Sander, Ulrich},
   title = {Literature review of pedestrian fatality risk as a function of car impact speed},
   journal = {Accident Analysis and Prevention},
   volume = {43},
   number = {1},
   pages = {25--33},
   url = {http://dx.doi.org/10.1016/j.aap.2010.04.003},
   year = {2011}
}


@book{Rose91,
   author = {Rosenthal, Robert},
   title = {Meta-analytic procedures for social research},
   publisher = {Sage},
   address = {Newbury Park, CA},
   edition = {2nd},
   year = {1991}
}


@book{Rose08,
   author = {Rosenthal, Robert and Rosnow, Ralph L.},
   title = {Essentials of Behavioral Research: Methods and Data Analysis},
   publisher = {McGraw Hill},
   address = {Boston},
   edition = {3e},
   year = {2008}
}


@book{Sagan96,
   author = {Sagan, Carl},
   title = {The Demon-Haunted World: Science as a candle in the dark},
   publisher = {Random House},
   year = {1996}
}

@book{Sand11,
   author = {Sanders, Ewoud},
   title = {Eerste Hulp bij e-Onderzoek voor studenten in de geesteswetenschappen: Slimmer zoeken, slimmer documenteren},
   publisher = {Early Dutch Books Online},
   url = {http://hdl.handle.net/1887/17774},
   year = {2011}
}


@article{Schm96,
   author = {Schmidt, Frank L.},
   title = {Statistical significance testing and cumulative knowledge in psychology: Implications for training of researchers},
   journal = {Psychological Methods},
   volume = {1},
   number = {2},
   pages = {115--129},
   year = {1996}
}


@book{SCC02,
   author = {Shadish, William R. and Cook, Thomas D. and Campbell, Donald T.},
   title = {Experimental and Quasi-Experimental Designs for Generalized Causal Inference},
   publisher = {Wadsworth},
   address = {Belmont, CA},
   year = {2002}
}

@book{SK01,
   author = {Schuurman, Wouter and De Kluiver, Hans},
   title = {Kop of munt: Kansrekening in het dagelijks leven},
   publisher = {Bert Bakker},
   address = {Amsterdam},
   year = {2001}
}


@article{SS04,
   author = {Sherbecoe, Robert L. and Studebaker, Gerald A.},
   title = {Supplementary formulas and tables for calculating and interconverting speech recognition scores in transformed arcsine units},
   journal = {International Journal of Audiology},
   volume = {43},
   number = {8},
   pages = {442--448},
   url = {http://dx.doi.org/10.1080/14992020400050056},
   year = {2004}
}


@misc{SWOV12,
   author = {SWOV},
   title = {De relatie tussen snelheid en ongevallen},
   publisher = {SWOV},
   url = {http://www.swov.nl/rapport/Factsheets/NL/Factsheet_Snelheid.pdf},
   year = {2012}
}

@article{Thom02,
   author = {Thompson, Bruce},
   title = {“{S}tatistical,” “Practical,” and “Clinical”: {H}ow Many Kinds of Significance Do Counselors Need to Consider?},
   journal = {Journal of Counseling and Development},
   volume = {80},
   number = {1},
   pages = {64--71},
   year = {2002}
}


@book{Thom12,
   author = {Thompson, Steven K. },
   title = {Sampling},
   publisher = {John Wiley},
   address = {Hoboken, NJ},
   edition = {3e},
   series = {Wiley series in probability and statistics},
   year = {2012}
}


@book{Tukey77,
   author = {Tukey, John W.},
   title = {Exploratory Data Analysis},
   publisher = {Addison-Wesley},
   address = {Reading, MA},
   year = {1977}
}


@misc{UBVU15,
   author = {{Universiteitsbibliotheek, Vrije Universiteit Amsterdam}},
   title = {Webcursus Informatievaardigheden - Algemeen - Niveau B},
   url = {http://webcursus.ubvu.vu.nl/cursus/default.asp?lettergr=klein&cursus_id=131},
   year = {2015}
}


@article{Verh04,
   author = {Verhoeven, Jo and De Pauw, Guy and Kloots, Hanne},
   title = {Speech rate in a pluricentric language: A comparison between {D}utch in {B}elgium and the {N}etherlands},
   journal = {Language and Speech},
   volume = {47},
   number = {3},
   pages = {297--308},
   year = {2004}
}

@techreport{VSNU18,
   author = {VSNU},
   title = {Nederlandse Gedragscode Wetenschappelijke Integriteit},
   institution = {VSNU},
   url = {https://www.vsnu.nl/wetenschappelijke_integriteit.html},
   year = {2018}
}

@book{Watz77,
   author = {Watzlawick, Paul},
   title = {Is `werkelijk' waar? {S}praakverwarring, zinsbegoocheling en onvoorstelbare werkelijkheid},
   publisher = {Van Loghum Slaterus},
   address = {Deventer},
   year = {1977}
}

@misc{Weis15,
   author = {Weisstein, Eric W.},
   title = {Pascal's Formula},
   publisher = {Wolfram},
   year = {2015},
   url = {http://mathworld.wolfram.com/PascalsFormula.html}
}

@article{Wijff92,
   author = {Wijffels, Janneke and van den Bergh, Huub and van Dillen, S. },
   title = {Het sturend effect van vragen met voorbeeldantwoorden},
   journal = {Tijdschrift voor Taalbeheersing},
   volume = {14},
   number = {2},
   pages = {136--147},
   year = {1992}
}


@book{Wilcox12,
   author = {Wilcox, Rand R.},
   title = {Introduction to Robust Estimation and Hypothesis Testing},
   publisher = {Elsevier},
   address = {Burlington},
   edition = {3rd},
   year = {2012}
}


@phdthesis{Zekv08,
   author = {Zekveld, Adriana A.},
   title = {Textual support to improve the comprehension of speech in adverse listening conditions},
   university = {Vrije Universiteit},
   year = {2008}
}

